@article{doublepeason,
  author = {芙利蓮 and 費倫},
  title = {論如何擊敗阿烏拉},
  journal = {滅魔千年精靈雜誌},
  pages = {260--266},
  volume = {224},
  year = {1800},
  langid = {chinese, zh},
}

@article{haha,
  author = {TheFreeMan},
  title =  {An English Papaer},
  journal = {Journal of LaTeX},
  pages = {260--266},
  volume = {224},
  year = {1810},
  langid = {english},
}

